<record><leader>00000cas a2200000 a 4500</leader><controlfield tag="001">9978065</controlfield><controlfield tag="008">831004u1962uuuucaumr ne      0   a0eng c</controlfield><datafield ind1=" " ind2=" " tag="010"><subfield code="a">sn 83002768 </subfield></datafield><datafield ind1=" " ind2=" " tag="040"><subfield code="a">NSD</subfield><subfield code="b">eng</subfield><subfield code="c">NSD</subfield><subfield code="d">CNK</subfield><subfield code="d">NYS</subfield><subfield code="d">OCLCQ</subfield><subfield code="d">OCLCO</subfield></datafield><datafield ind1=" " ind2=" " tag="012"><subfield code="l">1</subfield><subfield code="m">1</subfield></datafield><datafield ind1="1" ind2=" " tag="022"><subfield code="a">0740-591X</subfield><subfield code="l">0740-591X</subfield><subfield code="2">1</subfield></datafield><datafield ind1="1" ind2=" " tag="029"><subfield code="a">AU@</subfield><subfield code="b">000020284812</subfield></datafield><datafield ind1=" " ind2=" " tag="032"><subfield code="a">582240</subfield><subfield code="b">USPS</subfield></datafield><datafield ind1=" " ind2=" " tag="042"><subfield code="a">nsdp</subfield><subfield code="a">pcc</subfield></datafield><datafield ind1=" " ind2=" " tag="043"><subfield code="a">n-us-ca</subfield></datafield><datafield ind1="0" ind2=" " tag="130"><subfield code="a">Irish herald (San Francisco, Calif.)</subfield></datafield><datafield ind1=" " ind2="4" tag="222"><subfield code="a">The Irish herald</subfield></datafield><datafield ind1="1" ind2="4" tag="245"><subfield code="a">The Irish herald.</subfield></datafield><datafield ind1="1" ind2=" " tag="246"><subfield code="i">Published as:</subfield><subfield code="a">Irish American herald</subfield><subfield code="f">Aug.-Sept. 1967</subfield></datafield><datafield ind1=" " ind2=" " tag="260"><subfield code="a">San Francisco, Calif. :</subfield><subfield code="b">John Whooley,</subfield><subfield code="c">1962-</subfield></datafield><datafield ind1=" " ind2=" " tag="300"><subfield code="a">v. :</subfield><subfield code="b">ill. (some col.) ;</subfield><subfield code="c">45 cm.</subfield></datafield><datafield ind1=" " ind2=" " tag="310"><subfield code="a">Monthly</subfield></datafield><datafield ind1="0" ind2=" " tag="362"><subfield code="a">Vol. 1, no. 1 (Sept. 1962)-</subfield></datafield><datafield ind1=" " ind2=" " tag="500"><subfield code="a">"Sceala Eirann."</subfield></datafield><datafield ind1=" " ind2=" " tag="500"><subfield code="a">Suspended; Resumed publication with Vol. 35, no. 1 (Sept., 1996).</subfield></datafield><datafield ind1=" " ind2=" " tag="515"><subfield code="a">Vol. 38, no. 5 (Jan./Feb., 2000) numbered as Jan./Feb., 1999.</subfield></datafield><datafield ind1=" " ind2=" " tag="588"><subfield code="a">Latest issue consulted: (Sept., 1983); vol. 38, no. 5 (Jan./Feb., 1999).</subfield></datafield><datafield ind1=" " ind2="0" tag="650"><subfield code="a">Irish Americans</subfield><subfield code="z">California</subfield><subfield code="v">Newspapers.</subfield></datafield><datafield ind1=" " ind2="0" tag="651"><subfield code="a">San Francisco (Calif.)</subfield><subfield code="v">Newspapers.</subfield></datafield><datafield ind1=" " ind2="0" tag="651"><subfield code="a">San Francisco County</subfield><subfield code="v">Newspapers.</subfield></datafield><datafield ind1=" " ind2="0" tag="651"><subfield code="a">San Francisco Bay Area (Calif.)</subfield><subfield code="v">Newspapers.</subfield></datafield><datafield ind1="2" ind2=" " tag="710"><subfield code="a">Irish Center (San Francisco, Calif.)</subfield></datafield><datafield ind1=" " ind2=" " tag="752"><subfield code="a">United States</subfield><subfield code="b">California</subfield><subfield code="c">San Francisco</subfield><subfield code="d">San Francisco.</subfield></datafield><datafield ind1="0" ind2="0" tag="780"><subfield code="t">Emerald echo</subfield><subfield code="w">(DLC)sn 95062787</subfield><subfield code="w">(OCoLC)33814059</subfield></datafield><datafield ind1="0" ind2="5" tag="780"><subfield code="t">New Irish Gael</subfield><subfield code="w">(DLC)sn2004060314</subfield><subfield code="w">(OCoLC)39873566</subfield></datafield></record>